<?xml version="1.0" encoding="UTF-8"?><record xmlns="http://www.loc.gov/MARC21/slim" xmlns:cinclude="http://apache.org/cocoon/include/1.0" xmlns:zs="http://www.loc.gov/zing/srw/">
  <leader>00645nz  a2200133n  4500</leader>
  <controlfield tag="001">n  98110474 </controlfield>
  <controlfield tag="003">DLC</controlfield>
  <controlfield tag="005">19981215154956.3</controlfield>
  <controlfield tag="008">981215n| acannaab|          |a ana |||  </controlfield>
  <datafield tag="010" ind1=" " ind2=" ">
    <subfield code="a">n  98110474 </subfield>
  </datafield>
  <datafield tag="040" ind1=" " ind2=" ">
    <subfield code="a">DLC</subfield>
    <subfield code="c">DLC</subfield>
  </datafield>
  <datafield tag="110" ind1="2" ind2="0">
    <subfield code="a">ACCORD (Tamil Nadu, India)</subfield>
  </datafield>
  <datafield tag="410" ind1="2" ind2="0">
    <subfield code="a">Action for Community Organisation, Rehabilitation and, Development</subfield>
  </datafield>
  <datafield tag="670" ind1=" " ind2=" ">
    <subfield code="a">Über die Effektivität der Dorfgesundheitsarbeiterinnen innerhalb der Nichtregierungsorganisation ACCORD in Tamil Nadu/Südindien, c1998:</subfield>
    <subfield code="b">t.p. (ACCORD) p. 9 (Action for Community Organisation, Rehabilitation and Development; founded in 1986; non government organisation; employs ca. 150 people)</subfield>
  </datafield>
</record>